<?xml version="1.0" encoding="UTF-8"?><collection xmlns="http://www.loc.gov/MARC21/slim"><record><leader>00491nam--2200169-i-4500</leader><controlfield tag="001">000011209</controlfield><controlfield tag="002">20161230</controlfield><controlfield tag="005">20170108122611</controlfield><controlfield tag="008">060222s1000------------r-----000-0-eng-d</controlfield><datafield ind1=" " ind2=" " tag="080"><subfield code="a">530.145:539.L7(047)</subfield></datafield><datafield ind1=" " ind2=" " tag="100"><subfield code="a">Abarbanel, Henry D. I</subfield></datafield><datafield ind1=" " ind2=" " tag="245"><subfield code="a">Inclusive cross sections and angular distributions in reggeon field theory</subfield></datafield><datafield ind1=" " ind2=" " tag="260"><subfield code="a">Batavia</subfield><subfield code="b">Fermi National Accelerator Lab</subfield><subfield code="c">1975</subfield></datafield><datafield ind1=" " ind2=" " tag="300"><subfield code="a">53 p.+ 8 Fig</subfield></datafield><datafield ind1=" " ind2=" " tag="490"><subfield code="a">75/49-thy</subfield></datafield><datafield ind1=" " ind2=" " tag="852"><subfield code="a">60089</subfield></datafield><datafield ind1=" " ind2=" " tag="CAT"><subfield code="a">SYS</subfield><subfield code="c">20170108</subfield><subfield code="h">122611</subfield></datafield></record></collection>